<record><leader>00000cas a22000007a 4500</leader><controlfield tag="001">15534580</controlfield><controlfield tag="008">870415d18411866mauwr ne      0    0eng d</controlfield><datafield ind1=" " ind2=" " tag="010"><subfield code="a">sn 87078299 </subfield></datafield><datafield ind1=" " ind2=" " tag="040"><subfield code="a">NPH</subfield><subfield code="b">eng</subfield><subfield code="c">NPH</subfield><subfield code="d">MGN</subfield><subfield code="d">YOX</subfield><subfield code="d">MGN</subfield><subfield code="d">CNW</subfield><subfield code="d">CNK</subfield><subfield code="d">MGN</subfield><subfield code="d">DLC</subfield><subfield code="d">OCL</subfield><subfield code="d">OCLCG</subfield><subfield code="d">GUA</subfield><subfield code="d">DLC</subfield><subfield code="d">OCLCQ</subfield><subfield code="d">OCLCF</subfield><subfield code="d">OCLCO</subfield></datafield><datafield ind1="1" ind2=" " tag="029"><subfield code="a">AU@</subfield><subfield code="b">000025806041</subfield></datafield><datafield ind1=" " ind2=" " tag="042"><subfield code="a">msc</subfield></datafield><datafield ind1=" " ind2=" " tag="043"><subfield code="a">n-us-ma</subfield></datafield><datafield ind1="0" ind2="0" tag="050"><subfield code="a">Newspaper</subfield></datafield><datafield ind1="0" ind2="0" tag="245"><subfield code="a">Massachusetts ploughman.</subfield></datafield><datafield ind1="1" ind2="3" tag="246"><subfield code="a">Massachusetts ploughman and Yankee farmer,</subfield><subfield code="f">&lt;1843&gt;</subfield></datafield><datafield ind1="3" ind2="0" tag="246"><subfield code="a">Massachusetts plowman</subfield></datafield><datafield ind1=" " ind2=" " tag="260"><subfield code="a">Boston [Mass.] :</subfield><subfield code="b">Society of Farmers</subfield></datafield><datafield ind1=" " ind2=" " tag="300"><subfield code="a">v. ;</subfield><subfield code="c">60 cm.</subfield></datafield><datafield ind1=" " ind2=" " tag="310"><subfield code="a">Weekly</subfield></datafield><datafield ind1="1" ind2=" " tag="362"><subfield code="a">Began in 1841?</subfield></datafield><datafield ind1="0" ind2=" " tag="362"><subfield code="a">-v. 26, no. 9 (Dec. 1, 1866) = -whole no. 1309.</subfield></datafield><datafield ind1=" " ind2=" " tag="500"><subfield code="a">Published as: Massachusetts plowman, Jan. 3-Sept. 26, 1863.</subfield></datafield><datafield ind1=" " ind2=" " tag="500"><subfield code="a">Editors: William Buckminister, 1841-1844; William Buckminster and William J. Buckminster, 1845-1862.</subfield></datafield><datafield ind1=" " ind2=" " tag="588"><subfield code="a">Description based on: Vol. 1, no. 6 (Nov. 6, 1841).</subfield></datafield><datafield ind1=" " ind2="0" tag="650"><subfield code="a">Agriculture</subfield><subfield code="z">New England</subfield><subfield code="v">Newspapers.</subfield></datafield><datafield ind1=" " ind2="0" tag="651"><subfield code="a">Boston (Mass.)</subfield><subfield code="v">Newspapers.</subfield></datafield><datafield ind1=" " ind2="7" tag="655"><subfield code="a">Newspapers.</subfield><subfield code="2">fast</subfield><subfield code="0">(OCoLC)fst01423814</subfield></datafield><datafield ind1=" " ind2="7" tag="650"><subfield code="a">Agriculture.</subfield><subfield code="2">fast</subfield><subfield code="0">(OCoLC)fst00801355</subfield></datafield><datafield ind1=" " ind2="7" tag="651"><subfield code="a">Massachusetts</subfield><subfield code="z">Boston.</subfield><subfield code="2">fast</subfield><subfield code="0">(OCoLC)fst01205012</subfield></datafield><datafield ind1=" " ind2="7" tag="651"><subfield code="a">New England.</subfield><subfield code="2">fast</subfield><subfield code="0">(OCoLC)fst01241913</subfield></datafield><datafield ind1="1" ind2=" " tag="700"><subfield code="a">Buckminster, William,</subfield><subfield code="d">1784-1865.</subfield></datafield><datafield ind1="1" ind2=" " tag="700"><subfield code="a">Buckminster, William J.</subfield></datafield><datafield ind1="2" ind2=" " tag="710"><subfield code="a">New England Agricultural Society.</subfield></datafield><datafield ind1=" " ind2=" " tag="752"><subfield code="a">United States</subfield><subfield code="b">Massachusetts</subfield><subfield code="c">Suffolk</subfield><subfield code="d">Boston.</subfield></datafield><datafield ind1="0" ind2="8" tag="776"><subfield code="i">Online version :</subfield><subfield code="t">Massachusetts ploughman (Online)</subfield><subfield code="w">(DLC)  2008266937</subfield><subfield code="w">(OCoLC)70150370</subfield></datafield><datafield ind1="0" ind2="5" tag="780"><subfield code="t">Yankee farmer (Boston, Mass.)</subfield><subfield code="w">(DLC)sn 85038270</subfield><subfield code="w">(OCoLC)12013734</subfield></datafield><datafield ind1="0" ind2="0" tag="785"><subfield code="t">Massachusetts ploughman and New England journal of agriculture</subfield><subfield code="w">(DLC)sn 93062859</subfield><subfield code="w">(OCoLC)27687960</subfield></datafield><datafield ind1="4" ind2="1" tag="856"><subfield code="u">http://proquest.umi.com/pqdweb</subfield></datafield></record>